<record><leader>00000cas a22000007a 4500</leader><controlfield tag="001">71320592</controlfield><controlfield tag="008">060914c20069999mnuwr ne      0   a0eng c</controlfield><datafield ind1=" " ind2=" " tag="010"><subfield code="a">  2007213401</subfield></datafield><datafield ind1=" " ind2=" " tag="040"><subfield code="a">MHS</subfield><subfield code="b">eng</subfield><subfield code="c">MHS</subfield><subfield code="d">OCLCQ</subfield><subfield code="d">NSD</subfield><subfield code="d">OCLCQ</subfield><subfield code="d">OCLCF</subfield></datafield><datafield ind1=" " ind2=" " tag="012"><subfield code="l">a</subfield><subfield code="m">0</subfield></datafield><datafield ind1="1" ind2=" " tag="022"><subfield code="a">1935-3944</subfield><subfield code="l">1935-3944</subfield><subfield code="2">1</subfield></datafield><datafield ind1="1" ind2=" " tag="029"><subfield code="a">AU@</subfield><subfield code="b">000041190284</subfield></datafield><datafield ind1=" " ind2=" " tag="037"><subfield code="b">Herald Journal Publishing, P.O. Box 498, Delano, MN 55328</subfield></datafield><datafield ind1=" " ind2=" " tag="042"><subfield code="a">pcc</subfield><subfield code="a">nsdp</subfield></datafield><datafield ind1=" " ind2=" " tag="043"><subfield code="a">n-us-mn</subfield></datafield><datafield ind1="1" ind2="0" tag="050"><subfield code="a">ISSN RECORD</subfield></datafield><datafield ind1=" " ind2=" " tag="052"><subfield code="a">4144</subfield><subfield code="b">D5</subfield></datafield><datafield ind1=" " ind2=" " tag="052"><subfield code="a">4143</subfield><subfield code="b">W9</subfield></datafield><datafield ind1=" " ind2="0" tag="222"><subfield code="a">Delano herald journal</subfield></datafield><datafield ind1="0" ind2="0" tag="245"><subfield code="a">Delano herald journal.</subfield></datafield><datafield ind1=" " ind2=" " tag="260"><subfield code="a">Delano, MN :</subfield><subfield code="b">Herald Journal Pub.,</subfield><subfield code="c">2006-</subfield></datafield><datafield ind1=" " ind2=" " tag="300"><subfield code="a">v.</subfield></datafield><datafield ind1=" " ind2=" " tag="310"><subfield code="a">Weekly</subfield></datafield><datafield ind1="0" ind2=" " tag="362"><subfield code="a">Vol. 1, no. 1 (Sept. 4, 2006)-</subfield></datafield><datafield ind1=" " ind2=" " tag="500"><subfield code="a">Title from caption.</subfield></datafield><datafield ind1=" " ind2=" " tag="530"><subfield code="a">Available on microfilm from the Minnesota Historical Society.</subfield></datafield><datafield ind1=" " ind2=" " tag="588"><subfield code="a">Latest issue consulted: Vol. 1, no. 5 (Oct. 2, 2006) (surrogate).</subfield></datafield><datafield ind1=" " ind2="0" tag="651"><subfield code="a">Delano (Minn.)</subfield><subfield code="v">Newspapers.</subfield></datafield><datafield ind1=" " ind2="7" tag="655"><subfield code="a">Newspapers.</subfield><subfield code="2">fast</subfield><subfield code="0">(OCoLC)fst01423814</subfield></datafield><datafield ind1=" " ind2="7" tag="651"><subfield code="a">Minnesota</subfield><subfield code="z">Delano.</subfield><subfield code="2">fast</subfield><subfield code="0">(OCoLC)fst01261313</subfield></datafield><datafield ind1=" " ind2=" " tag="752"><subfield code="a">United States</subfield><subfield code="b">Minnesota</subfield><subfield code="c">Wright</subfield><subfield code="d">Delano.</subfield></datafield></record>